@book{Kristeva1984,
author = "Kristeva, Julia",
title = "Powers of Horror: An Essay on Abjection",
publisher = "Columbia University Press",
year = 1984}

@book{Foucault1973,
author = "Foucault, Michel",
title = "The Birth of the Clinic: An Archaeology of Medical Perception",
publisher = "Routledge",
year = 1973}

@article{Spielrein1912,
author = "Spielrein, Sabrina",
title = "Die Destruktion als Ursache des Werdens",
journal = "Jahrbuch f√ºr Psychoanalytische und Psychopathologische Forschungen",
pages = "465--503",
year = 1912}

@book{Freud1961,
author = "Freud, Sigmund",
title = "Beyond the Pleasure Principle",
publisher = "Liveright Pub. Corp.",
year = 1961}

@article{Weij2004,
author ="vam de Weij, Teun",
title = "{AI} Sandbagging: Language Models can Strategically Underperform on
Evaluations",
year = 2004}

@article{Betley2025,
title = "Emergent Misalignment: Narrow finetuning can produce broadly
misaligned {LLMs}",
author = "Betley, Jan",
year = 2025}

@misc{DeepSeek2025,
author="DeepSeek-AI",
title="DeepSeek-R1: Incentivizing Reasoning Capability in LLMs via
Reinforcement Learning", 
url={https://arxiv.org/abs/2501.12948}, 
eprint={2501.12948},
year={2025},
}

